<?xml version="1.0" encoding="UTF-8"?><collection xmlns="http://www.loc.gov/MARC21/slim"><record><leader>00447nam--2200133-i-4500</leader><controlfield tag="001">000027740</controlfield><controlfield tag="002">20161230</controlfield><controlfield tag="005">20161230201036</controlfield><controlfield tag="008">060222s1000------------r-----000-0-eng-d</controlfield><datafield ind1=" " ind2=" " tag="100"><subfield code="a">Kristiansson, Krister</subfield></datafield><datafield ind1=" " ind2=" " tag="245"><subfield code="a">Photo-electric mass determination in nuclear emulsions. part.i: an investigation of the accuracy of mass determination</subfield></datafield><datafield ind1=" " ind2=" " tag="260"><subfield code="a">/Stockholm, Almqvist &amp; Wiksells Boktryckeri/, 1954, 21p</subfield></datafield><datafield ind1=" " ind2=" " tag="490"><subfield code="a">Arkiv For Fysik</subfield></datafield><datafield ind1=" " ind2=" " tag="852"><subfield code="a">6213</subfield></datafield></record></collection>